<?xml version="1.0" encoding="UTF-8"?><record xmlns="http://www.loc.gov/MARC21/slim" xmlns:cinclude="http://apache.org/cocoon/include/1.0" xmlns:zs="http://www.loc.gov/zing/srw/">
  <leader>00418nz  a2200133n  4500</leader>
  <controlfield tag="001">no2012036031</controlfield>
  <controlfield tag="003">DLC</controlfield>
  <controlfield tag="005">20120314075315.0</controlfield>
  <controlfield tag="008">120312n| acannaabn          |n aaa     c</controlfield>
  <datafield tag="010" ind1=" " ind2=" ">
    <subfield code="a">no2012036031</subfield>
  </datafield>
  <datafield tag="035" ind1=" " ind2=" ">
    <subfield code="a">(OCoLC)oca09140848</subfield>
  </datafield>
  <datafield tag="040" ind1=" " ind2=" ">
    <subfield code="a">OkS</subfield>
    <subfield code="b">eng</subfield>
    <subfield code="c">OkS</subfield>
  </datafield>
  <datafield tag="100" ind1="1" ind2=" ">
    <subfield code="a">Cooper, Billy R.,</subfield>
    <subfield code="d">1948-</subfield>
  </datafield>
  <datafield tag="670" ind1=" " ind2=" ">
    <subfield code="a">The reluctant general, c2011:</subfield>
    <subfield code="b">t.p. (Billy R. Cooper, Brigadier General, retired, United States Army) p. 15 (b. 1948)</subfield>
  </datafield>
</record>